<record><leader>00000cas a22000007a 4500</leader><controlfield tag="001">14205875</controlfield><controlfield tag="008">860911d18uu1883iaudn ne      0    0eng d</controlfield><datafield ind1=" " ind2=" " tag="010"><subfield code="a">sn 86060141 </subfield></datafield><datafield ind1=" " ind2=" " tag="040"><subfield code="a">INP</subfield><subfield code="b">eng</subfield><subfield code="c">INP</subfield><subfield code="d">OCLCQ</subfield></datafield><datafield ind1=" " ind2=" " tag="042"><subfield code="a">msc</subfield></datafield><datafield ind1="0" ind2=" " tag="130"><subfield code="a">Daily reporter (Mount Pleasant, Iowa)</subfield></datafield><datafield ind1="1" ind2="0" tag="245"><subfield code="a">Daily reporter.</subfield></datafield><datafield ind1="1" ind2="3" tag="246"><subfield code="a">Mt. Pleasant daily reporter</subfield></datafield><datafield ind1="1" ind2="3" tag="246"><subfield code="a">Mount Pleasant daily reporter</subfield></datafield><datafield ind1=" " ind2=" " tag="260"><subfield code="a">Mount Pleasant, Iowa :</subfield><subfield code="b">C.L. Morehous</subfield></datafield><datafield ind1=" " ind2=" " tag="300"><subfield code="a">v. :</subfield><subfield code="b">ill. (chiefly advertisements) ;</subfield><subfield code="c">50 cm.</subfield></datafield><datafield ind1=" " ind2=" " tag="310"><subfield code="a">Daily (except Sunday)</subfield></datafield><datafield ind1="1" ind2=" " tag="362"><subfield code="a">Began in 1879 or 1880.</subfield></datafield><datafield ind1="1" ind2=" " tag="362"><subfield code="a">Ceased in 1883?</subfield><subfield code="z">Cf. Bibl. of Iowa newspapers.</subfield></datafield><datafield ind1=" " ind2=" " tag="500"><subfield code="a">Publishers: C.L. Morehous, &lt;July 31, 1880-July 19, 1882&gt;; T.M. McAdam, &lt;Nov. 20, 1882&gt;.</subfield></datafield><datafield ind1=" " ind2=" " tag="515"><subfield code="a">Vol. 6, no. 267 (July 31, 1880)- called also whole no. 890- ; whole numbers omitted &lt;July 18-Nov. 20, 1882&gt;.</subfield></datafield><datafield ind1=" " ind2=" " tag="588"><subfield code="a">Description based on: Vol. 6, no. 267 (July 31, 1880).</subfield></datafield><datafield ind1=" " ind2=" " tag="752"><subfield code="a">United States</subfield><subfield code="b">Iowa</subfield><subfield code="c">Henry</subfield><subfield code="d">Mount Pleasant.</subfield></datafield><datafield ind1="0" ind2="0" tag="780"><subfield code="t">Mount Pleasant daily reporter</subfield><subfield code="w">(DLC)sn 82015836</subfield></datafield><datafield ind1="0" ind2="4" tag="785"><subfield code="t">Mt. Pleasant daily news</subfield><subfield code="w">(DLC)sn 89057002</subfield></datafield></record>